@book{TBLBook,
    title = { Weaving the web : the original design and ultimative destiny of the World Wide Web by its inventor.},
    author = {T. Berners-Lee and M. Fischetti},
    year = {2011},
    isbn = {978-0-06-251587-2},
    publisher = {New York, Ny: Harperbusiness},
}

@online{semanticweb,
    title = "https://en.wikipedia.org/wiki/Semantic_Web",
    url  = "https://en.wikipedia.org/wiki/Semantic_Web",
}

@online{wikidata,
    title = "https://www.wikidata.org/wiki/Wikidata:Main_Page",
    url  = "https://www.wikidata.org/wiki/Wikidata:Main_Page",
}

@online{rdf,
    title = "https://www.techtarget.com/searchapparchitecture/definition/Resource-Description-Framework-RDF",
    url  = "https://www.techtarget.com/searchapparchitecture/definition/Resource-Description-Framework-RDF",
}

@online{TTL,
    title = "https://www.w3.org/TeamSubmission/turtle/",
    url  = "https://www.w3.org/TeamSubmission/turtle/",
}

@online{ontology,
    title = "https://www.ontotext.com/knowledgehub/fundamentals/what-are-ontologies/",
    url  = "https://www.ontotext.com/knowledgehub/fundamentals/what-are-ontologies/",
}

@online{ontologymeaning,
    title = "https://en.wikipedia.org/wiki/Ontology_components",
    url = "https://en.wikipedia.org/wiki/Ontology_components",
}

@online{knowledgegraph,
    title = "https://www.ibm.com/topics/knowledge-graph#:~:text=A%20knowledge%20graph%2C%20also%20known,the%20term%20knowledge%20%E2%80%9Cgraph.%E2%80%9D",
    url = "https://www.ibm.com/topics/knowledge-graph#:~:text=A%20knowledge%20graph%2C%20also%20known,the%20term%20knowledge%20%E2%80%9Cgraph.%E2%80%9D",
}

@online{searchengine,
    title = "https://www.stardog.com/blog/how-to-build-a-semantic-search-engine-using-a-knowledge-graph/",
    url = "https://www.stardog.com/blog/how-to-build-a-semantic-search-engine-using-a-knowledge-graph/",
}

@book{sparlbook,
    title = {Learning SPARQL : querying and updating with SPARQL 1.1.},
    author = {B. Ducharme},
    year = {2013},
    publisher = {Sebastopol: Oâ€™reilly},
    keywords = {SPARQL}
}

@online{foaf,
    title = "http://xmlns.com/foaf/0.1/",
    url = "http://xmlns.com/foaf/0.1/",
}